<?xml version="1.0" encoding="UTF-8"?><collection xmlns="http://www.loc.gov/MARC21/slim"><record><leader>00437nam--2200157-i-4500</leader><controlfield tag="001">000046983</controlfield><controlfield tag="002">20161230</controlfield><controlfield tag="005">20170111233631</controlfield><controlfield tag="008">060222s1000------------r-----000-0-eng-d</controlfield><datafield ind1=" " ind2=" " tag="080"><subfield code="a">621.382</subfield></datafield><datafield ind1=" " ind2=" " tag="100"><subfield code="a">Waxman, Albert S</subfield></datafield><datafield ind1=" " ind2=" " tag="245"><subfield code="a">Conductance in tunnel metal-insulator-semiconductor structures</subfield><subfield code="b">thesis</subfield></datafield><datafield ind1=" " ind2=" " tag="260"><subfield code="a">Ann Arbor</subfield><subfield code="b">Univ.Microfilms, Inc</subfield><subfield code="c">1976</subfield></datafield><datafield ind1=" " ind2=" " tag="300"><subfield code="a">203 p.+a-15 p</subfield></datafield><datafield ind1=" " ind2=" " tag="852"><subfield code="a">29211</subfield></datafield><datafield ind1=" " ind2=" " tag="CAT"><subfield code="a">SYS</subfield><subfield code="c">20170111</subfield><subfield code="h">233631</subfield></datafield></record></collection>